@online{Graves,
	author = "Alex Graves",
	title = "Generating Sequences With Recurrent Neural Networks",
	organization = "Cornell University Library" ,
	year = 2014,
	month = jun,
	howpublished = {\url{https://arxiv.org/pdf/1308.0850.pdf}},
	note = "arXiv:1308.0850v5",
}

@online{Mahoney,
	author = "Matt Mahoney",
	title = "The PAQ Data Compression series",
	howpublished = {\url{ http://mattmahoney.net/dc/paq.html}},
}

@online{Socher,
	author = "Richard Socher and Alex Perelygin and Jean Wu and Jason Chuang and Christopher Manning and Andrew Ng and Christopher Potts",
	title = "Recursive Deep Models for Semantic Compositionality Over a Sentiment Treebank",
	year = 2013,
	howpublished = {\url{ https://nlp.stanford.edu/~socherr/EMNLP2013_RNTN.pdf}},
}


@online{Mahoney2,
	author = "Matt Mahoney",
	title = "Adaptive Weighing of Context Models for Lossless Data Compression",
	organization = "Florida Institute of Technology CS Dept",
	howpublished = {\url{ https://cs.fit.edu/~mmahoney/compression/cs200516.pdf}},
	year = 2005
}

@article{Ziegelmayer,
	author = "Dominique Ziegelmayer and Rainer Schrader",
	title = "Sentiment polarity classification using statistical data compression models",
	journal = "IEEE 12th International Conference on",
	year = 2012,
	month = dec
}

@book{Graves2,
	author = "Alex Graves",
	title = "Supervised Sequence Labelling with Recurrent Neural Networks",
	volume = 385,
	year = 2012,
	publisher = "Springer"

}

@online{Gers,
	author = "Felix Gers and Jürgen Schmidhuber and Fred Cummins",
	title = "Learning to forget: Continual prediction with LSTM",
	organization = "IDSIA",
	howpublished = {\url{ https://pdfs.semanticscholar.org/1154/0131eae85b2e11d53df7f1360eeb6476e7f4.pdf}},
	year = 1999,
	month = jan
}

@online{Franz,
	author = "Arthur Franz",
	title = "Artificial general intelligence through recursive data compression and grounded reasoning: a position paper",
	organization = "Cornell University Library" ,
	year = 2015,
	month = jun,
	howpublished = {\url{ https://arxiv.org/pdf/1506.04366.pdf}},
	note = "arXiv:1506.04366v1",
}

@online{Ofir,
	author = "Ofir David and Shay Moran and Amir Yehudayoff",
	title = "On statistical learning via the lens of compression",
	organization = "Cornell University Library" ,
	year = 2016,
	month = oct,
	howpublished = {\url{ https://arxiv.org/pdf/1610.03592.pdf}},
	note = "arXiv:1610.03592v2",
}

@online{Grunwald,
	author = "Peter Grunwald",
	title = "A tutorial introduction to the minimum description length principle",
	organization = "Cornell University Library" ,
	year = 2004,
	month = jun,
	howpublished = {\url{ https://arxiv.org/pdf/math/0406077.pdf}},
	note = "arXiv:math/0406077v1",
}


@article{Cilibrasi,
	author = "Rudi Cilibrasi and Paul Vitanyi",
	title = "Clustering by compression",
	journal = "IEEE Transactions on Information Theory",
	year = 2005,
	month = apr,
	volume = 51,
	pages = "1523-1545",
}

@inproceedings{Bown,
	author = "Oliver Bown and Sebastian Lexer",
	title = "Continuous-Time Recurrent Neural Networks for Generative and Interactive Musical Performance",
	booktitle = "Rothlauf F. et al. (eds) Applications of Evolutionary Computing. EvoWorkshops 2006",
	address = "Springer, Berlin, Heidelberg",
	volume = 3907,
	pages = "652-663"
}



@online{Sutskever,
	author = "Ilya Sutskever and James Martens and Geoffrey Hinton",
	title = "Generating Text with Recurrent Neural Networks",
	organization = "University of Toronto" ,
	year = 2011,
	howpublished = {\url{ http://www.cs.utoronto.ca/~ilya/pubs/2011/LANG-RNN.pdf}}
}

@article{Schmidhuber,
	author = "Jürgen Schmidhuber and Stefan Heil",
	title = "Sequential neural text compression",
	journal = "IEEE Transactions on Neural Networks",
	year = 1996,
	month = jan,
	pages = "142-146",
	volume = 7,
}


@book{Vitanyi,
	author = "Ming Li and Paul Vitanyi",
	title = "An Introduction to Kolmogorov Complexity and Its Applications",
	year = 2008,
	publisher = "Springer"
}

@online{Maas,
	author = "Andrew Maas and Raymond Daly and Peter Pham and Dan Huang and Andrew Ng and Christopher Potts",
	title = "Learning Word Vectors for Sentiment Analysis",
	organization = "Stanford University",
	howpublished = {\url{ http://ai.stanford.edu/~ang/papers/acl11-WordVectorsSentimentAnalysis.pdf}}
}

@online{Gregor,
	author = "Karol Gregor and Ivo Danihelka and Alex Graves and Danilo Jimenez Rezende and Daan Wierstra",
	title = "DRAW: A Recurrent Neural Network For Image Generation",
	organization = "Cornell University Library" ,
	year = 2015,
	month = feb,
	howpublished = {\url{ https://arxiv.org/pdf/1502.04623.pdf}},
	note = "arXiv:1502.04623v2",
}

@online{Chierichetti,
	author = "Flavio Chierichetti and Ravi Kumar and Sandeep Pandey and Sergei Vassilvitskii",
	title = "Finding the Jaccard Median",
	organization = "Stanford University" ,
	howpublished = {\url{ http://theory.stanford.edu/~sergei/papers/soda10-jaccard.pdf}},
}

@online{Karpathy,
	author = "Andrej Karpathy",
	title = "The Unreasonable Effectiveness of Recurrent Neural Networks",
	howpublished = {\url{ http://karpathy.github.io/2015/05/21/rnn-effectiveness/}},
	year = 2015,
	month = may
}

@online{Hutter,
	title = "50'000 Prize for Compressing Human Knowledge",
	howpublished = {\url{ http://prize.hutter1.net/}},
}

@inproceedings{Celikel,
	author = "Ebru Celikel and Mehmet Emin Dalkilic",
	title = "Investigating the Effects of Recency and Size of Training Text on Author Recognition Problem",
	booktitle = "Computer and Information Sciences - ISCIS 2004",
	address = "Springer",
	volume = 3280,
	pages = "21-30"
}

@online{Ratsaby,
	author = "Joel Ratsaby",
	title = "Prediction By Compression",
	organization = "Cornell University Library" ,
	year = 2010,
	month = Aug,
	howpublished = {\url{ https://arxiv.org/pdf/1008.5078.pdf}},
	note = "arXiv:1008.5078v1",
}

@article{Variation,
	author = "Alison L. Gibbs and Francis Edward Su",
	title = "On Choosing and Bounding Probability Metrics",
	journal = "International Statistical Review",
	year = 2002,
	month = sep,
	pages = "419-435",
	volume = 70,
}

@online{Mahoney4,
	author = "Matt Mahoney",
	title = "Data Compression Explained",
	howpublished = {\url{ http://mattmahoney.net/dc/dce.html#Section_4}},
	year = 2013,
	month = apr
}

@book{InverseSampling,
	author = "Mark Steyvers",
	title = "Computational Statistics with Matlab",
	year = 2011,
	month = may,
	pages = "7-9",
}

@online{Matt3,
	author = "Matt Mahoney",
	title = "Fast Text Compression with Neural Networks",
	organization = "Florida Institute of Technology",
	howpublished = {\url{ https://cs.fit.edu/~mmahoney/compression/mmahoney00.pdf}},
}


